<?xml version="1.0" encoding="UTF-8"?>
<collection xmlns:xsi="http://www.w3.org/2001/XMLSchema-instance" xsi:schemaLocation="http://www.loc.gov/MARC21/slim http://www.loc.gov/standards/marcxml/schema/MARC21slim.xsd" xmlns="http://www.loc.gov/MARC21/slim">
<record>
  <leader>00819nam a22001811  4500</leader>
  <controlfield tag="001">2964662</controlfield>
  <controlfield tag="003">NNC</controlfield>
  <controlfield tag="005">20030429141026.0</controlfield>
  <controlfield tag="008">010216s1901    ua            000 0 ara d</controlfield>
  <datafield tag="035" ind1=" " ind2=" ">
    <subfield code="a">(OCoLC)ocm45951449</subfield>
  </datafield>
  <datafield tag="035" ind1=" " ind2=" ">
    <subfield code="9">ASL0002CU</subfield>
  </datafield>
  <datafield tag="040" ind1=" " ind2=" ">
    <subfield code="a">ZCU</subfield>
    <subfield code="c">ZCU</subfield>
  </datafield>
  <datafield tag="090" ind1=" " ind2=" ">
    <subfield code="a">BP174</subfield>
    <subfield code="b">.H58</subfield>
  </datafield>
  <datafield tag="100" ind1="1" ind2=" ">
    <subfield code="a">Ḥusaynī, Aḥmad.</subfield>
  </datafield>
  <datafield tag="245" ind1="1" ind2="0">
    <subfield code="a">Dalīl al-musāfir fī bayān mā khtaṣṣa huwa bihī min al-ʻibādah ṣalātan wa-ṣawman ...</subfield>
    <subfield code="b">wabayān ahkām ṣalāt al-musāfir wa-iqtidaʾ ihī bi-al-muqīm ...</subfield>
    <subfield code="c">taʾlīf ... al-sayyid Aḥmad Bēk al-Husaynī al-muḥāmī. Wabihāmishihī: al-Qawl al-fasl fī qiyām al-farʻ maqām al-asl, li-ḥaḍrat al-muʾallif al-madhkūr.</subfield>
  </datafield>
  <datafield tag="260" ind1=" " ind2=" ">
    <subfield code="a">Būlāq,</subfield>
    <subfield code="b">al-Matbaʻah al-Kubrā al-Amīrīyah,</subfield>
    <subfield code="c">1319 h. [1901]</subfield>
  </datafield>
  <datafield tag="300" ind1=" " ind2=" ">
    <subfield code="a">112 p.</subfield>
  </datafield>
  <datafield tag="955" ind1=" " ind2=" ">
    <subfield code="b">CU55354637</subfield>
    <subfield code="d">off,glx</subfield>
    <subfield code="e">BP174 .H58</subfield>
  </datafield>
</record>
</collection>